<?xml version="1.0" encoding="UTF-8"?><record xmlns="http://www.loc.gov/MARC21/slim" xmlns:cinclude="http://apache.org/cocoon/include/1.0" xmlns:zs="http://www.loc.gov/zing/srw/">
  <leader>00814cz  a2200169n  4500</leader>
  <controlfield tag="001">n  98055091 </controlfield>
  <controlfield tag="003">DLC</controlfield>
  <controlfield tag="005">20120804083653.0</controlfield>
  <controlfield tag="008">980617n| acannaabn          |n aaa      </controlfield>
  <datafield tag="010" ind1=" " ind2=" ">
    <subfield code="a">n  98055091 </subfield>
  </datafield>
  <datafield tag="035" ind1=" " ind2=" ">
    <subfield code="a">(OCoLC)oca04753349</subfield>
  </datafield>
  <datafield tag="040" ind1=" " ind2=" ">
    <subfield code="a">DLC</subfield>
    <subfield code="b">eng</subfield>
    <subfield code="c">DLC</subfield>
    <subfield code="d">DLC</subfield>
    <subfield code="d">MiFliG</subfield>
    <subfield code="d">DLC</subfield>
  </datafield>
  <datafield tag="100" ind1="1" ind2=" ">
    <subfield code="a">Collins, D. J.,</subfield>
    <subfield code="c">Dr.</subfield>
  </datafield>
  <datafield tag="667" ind1=" " ind2=" ">
    <subfield code="a">THIS 1XX FIELD CANNOT BE USED UNDER RDA UNTIL THIS RECORD HAS BEEN REVIEWED AND/OR UPDATED</subfield>
  </datafield>
  <datafield tag="670" ind1=" " ind2=" ">
    <subfield code="a">Combinatorial group theory and applications to geometry, c1998:</subfield>
    <subfield code="b">t.p. (D.J. Collins) front matter (School of Math. Sciences, Queen Mary and Westfield Coll., Univ. of London, London, England)</subfield>
  </datafield>
  <datafield tag="670" ind1=" " ind2=" ">
    <subfield code="a">Queen Mary and Westfield College Web site, Mar. 20, 2000</subfield>
    <subfield code="b">(D. J. Collins, Dr. Collins; emeritus reader in mathematics)</subfield>
  </datafield>
  <datafield tag="675" ind1=" " ind2=" ">
    <subfield code="a">BL auth. fiche, Mar. 1999; OPAC '97, Mar. 20, 2000</subfield>
  </datafield>
</record>